<record><leader>00000cas a22000007a 4500</leader><controlfield tag="001">29189520</controlfield><controlfield tag="008">931025d18931904okuwr ne      0    0eng d</controlfield><datafield ind1=" " ind2=" " tag="010"><subfield code="a">sn 93066185 </subfield></datafield><datafield ind1=" " ind2=" " tag="040"><subfield code="a">OBN</subfield><subfield code="b">eng</subfield><subfield code="c">OBN</subfield><subfield code="d">OCL</subfield><subfield code="d">OCLCQ</subfield></datafield><datafield ind1=" " ind2=" " tag="042"><subfield code="a">msc</subfield></datafield><datafield ind1="0" ind2=" " tag="130"><subfield code="a">Cheyenne sunbeam (Cheyenne, Okla. : 1894)</subfield></datafield><datafield ind1="1" ind2="4" tag="245"><subfield code="a">The Cheyenne sunbeam.</subfield></datafield><datafield ind1=" " ind2=" " tag="260"><subfield code="a">Cheyenne, Roger Mills, Okla. :</subfield><subfield code="b">W.G. Morris</subfield></datafield><datafield ind1=" " ind2=" " tag="300"><subfield code="a">v.</subfield></datafield><datafield ind1=" " ind2=" " tag="310"><subfield code="a">Weekly</subfield></datafield><datafield ind1="0" ind2=" " tag="362"><subfield code="a">-v.12, no. 33 (Dec. 30, 1904).</subfield></datafield><datafield ind1="1" ind2=" " tag="362"><subfield code="a">Began in 1893.</subfield></datafield><datafield ind1=" " ind2=" " tag="588"><subfield code="a">Description based on: Vol. 2, no. 3 (Mar. 10, 1894).</subfield></datafield><datafield ind1=" " ind2="4" tag="651"><subfield code="a">Cheyenne (Okla.)</subfield><subfield code="v">Newspapers.</subfield></datafield><datafield ind1=" " ind2="4" tag="651"><subfield code="a">Roger Mills County (Okla.)</subfield><subfield code="v">Newspapers.</subfield></datafield><datafield ind1=" " ind2=" " tag="752"><subfield code="a">United States</subfield><subfield code="b">Oklahoma</subfield><subfield code="c">Roger Mills</subfield><subfield code="d">Cheyenne.</subfield></datafield><datafield ind1="0" ind2="0" tag="785"><subfield code="t">Sunbeam (Cheyenne, Okla.)</subfield><subfield code="w">(DLC)sn 93066186</subfield><subfield code="w">(OCoLC)29189656</subfield></datafield><datafield ind1="1" ind2=" " tag="029"><subfield code="a">AU@</subfield><subfield code="b">000022801911</subfield></datafield></record>